<?xml version="1.0" encoding="UTF-8"?><collection xmlns="http://www.loc.gov/MARC21/slim"><record><leader>00625nam--2200193-i-4500</leader><controlfield tag="001">000040529</controlfield><controlfield tag="002">20161230</controlfield><controlfield tag="005">20161230201042</controlfield><controlfield tag="008">060222s1000------------r-----000-0-eng-d</controlfield><datafield ind1=" " ind2=" " tag="020"><subfield code="a">3530132716</subfield></datafield><datafield ind1=" " ind2=" " tag="080"><subfield code="a">537.53(061.3)</subfield></datafield><datafield ind1="1" ind2=" " tag="100"><subfield code="a">Schmahl,G</subfield></datafield><datafield ind1="1" ind2="0" tag="245"><subfield code="a">X-ray microscopy</subfield><subfield code="b">Proceedings of the international symposium, gottingen, fed. rep. of germany, september, 14-16, 1983</subfield><subfield code="c">G. SCHMAHL; D. RUDOLPH (Eds.)</subfield></datafield><datafield ind1=" " ind2=" " tag="260"><subfield code="a">TOKYO</subfield><subfield code="b">Springer-verlag</subfield><subfield code="c">1984</subfield></datafield><datafield ind1=" " ind2=" " tag="300"><subfield code="a">IX + 345 P</subfield></datafield><datafield ind1=" " ind2=" " tag="490"><subfield code="a">Springer Series In Optcal Sciences</subfield><subfield code="v">Vol. 43</subfield></datafield><datafield ind1="1" ind2=" " tag="700"><subfield code="a">Rudolph, D</subfield><subfield code="e">Ed</subfield></datafield><datafield ind1=" " ind2=" " tag="852"><subfield code="a">44207</subfield><subfield code="c">535</subfield></datafield><datafield ind1=" " ind2=" " tag="CAT"><subfield code="a">Sys</subfield><subfield code="c">20101116</subfield><subfield code="h">154908</subfield></datafield></record></collection>